@article{Kim2016,
    author = {Kim, Young Bin AND Kim, Jun Gi AND Kim, Wook AND Im, Jae Ho AND Kim, Tae Hyeong AND Kang, Shin Jin AND Kim, Chang Hun},
    journal = {PLOS ONE},
    publisher = {Public Library of Science},
    title = {Predicting Fluctuations in Cryptocurrency Transactions Based on User Comments and Replies},
    year = {2016},
    month = {08},
    volume = {11},
    url = {https://doi.org/10.1371/journal.pone.0161197},
    pages = {1-17},
    number = {8},
    doi = {10.1371/journal.pone.0161197}
}

@article{somin2018social,
  title={Social Signals in the Ethereum Trading Network},
  author={Somin, Shahar and Gordon, Goren and Altshuler, Yaniv},
  journal={arXiv preprint arXiv:1805.12097},
  year={2018}
}

@article{kondor2014rich,
  title={Do the rich get richer? An empirical analysis of the Bitcoin transaction network},
  author={Kondor, D{\'a}niel and P{\'o}sfai, M{\'a}rton and Csabai, Istv{\'a}n and Vattay, G{\'a}bor},
  journal={PloS one},
  volume={9},
  number={2},
  pages={e86197},
  year={2014},
  publisher={Public Library of Science}
}

@ARTICLE{Gervais2014, 
author={A. {Gervais} and G. O. {Karame} and V. {Capkun} and S. {Capkun}}, 
journal={IEEE Security Privacy}, 
title={Is Bitcoin a Decentralized Currency?}, 
year={2014}, 
volume={12}, 
number={3}, 
pages={54-60}, 
keywords={foreign exchange trading;bitcoin;decentralized currency;low-cost virtual currency system;Cryptography;Proposals;Peer-to-peer computing;Internet;Online banking;Bitcoin;decentralized decision process;security;privacy}, 
doi={10.1109/MSP.2014.49}, 
ISSN={1540-7993}, 
month={May},}

@article{Bovet2018network,
  title={Network-based indicators of Bitcoin bubbles},
  author={Bovet, Alexandre and Campajola, Carlo and Lazo, Jorge F and Mottes, Francesco and Pozzana, Iacopo and Restocchi, Valerio and Saggese, Pietro and Vallarano, Nicol{\'o} and Squartini, Tiziano and Tessone, Claudio J},
  journal={arXiv preprint arXiv:1805.04460},
  year={2018}
}

@article{ErdosRenyi1959,
  author = {Erd\"{o}s, P. and R\'{e}nyi, A.},
  journal = {Publicationes Mathematicae Debrecen},
  pages = 290,
  title = {On Random Graphs I},
  volume = 6,
  year = 1959
}

@article{Rosvall2008,
  title={Maps of random walks on complex networks reveal community structure},
  author={Rosvall, Martin and Bergstrom, Carl T},
  journal={Proceedings of the National Academy of Sciences},
  volume={105},
  number={4},
  pages={1118--1123},
  year={2008},
  publisher={National Acad Sciences}
}

@article{Blondel2008,
	doi = {10.1088/1742-5468/2008/10/p10008},
	year = 2008,
	month = {oct},
	publisher = {{IOP} Publishing},
	volume = {2008},
	number = {10},
	pages = {P10008},
	author = {Vincent D Blondel and Jean-Loup Guillaume and Renaud Lambiotte and Etienne Lefebvre},
	title = {Fast unfolding of communities in large networks},
	journal = {Journal of Statistical Mechanics: Theory and Experiment},
}

@article{Clauset2004,
  title={Finding community structure in very large networks},
  author={Clauset, Aaron and Newman, Mark EJ and Moore, Cristopher},
  journal={Physical review E},
  volume={70},
  number={6},
  pages={066111},
  year={2004},
  publisher={APS}
}

@inproceedings{Macqueen1967,
  title={Some methods for classification and analysis of multivariate observations},
  author={MacQueen, James and others},
  booktitle={Proceedings of the fifth Berkeley symposium on mathematical statistics and probability},
  volume={1},
  number={14},
  pages={281--297},
  year={1967},
  organization={Oakland, CA, USA}
}

@article{BrianNewman2011,
  title = {Stochastic blockmodels and community structure in networks},
  author = {Karrer, Brian and Newman, M. E. J.},
  journal = {Phys. Rev. E},
  volume = {83},
  issue = {1},
  pages = {016107},
  numpages = {10},
  year = {2011},
  month = {Jan},
  publisher = {American Physical Society},
  doi = {10.1103/PhysRevE.83.016107},
  url = {https://link.aps.org/doi/10.1103/PhysRevE.83.016107}
}


@article{Peixoto2014,
  title = {Efficient Monte Carlo and greedy heuristic for the inference of stochastic block models},
  author = {Peixoto, Tiago P.},
  journal = {Phys. Rev. E},
  volume = {89},
  issue = {1},
  pages = {012804},
  numpages = {8},
  year = {2014},
  month = {Jan},
  publisher = {American Physical Society},
  doi = {10.1103/PhysRevE.89.012804},
  url = {https://link.aps.org/doi/10.1103/PhysRevE.89.012804}
}



@article{Moore2017,
  title={The computer science and physics of community detection: Landscapes, phase transitions, and hardness},
  author={Moore, Cristopher},
  journal={arXiv preprint arXiv:1702.00467},
  year={2017}
}

@article{Abbe2018,
  author  = {Emmanuel Abbe},
  title   = {Community Detection and Stochastic Block Models: Recent Developments},
  journal = {Journal of Machine Learning Research},
  year    = {2018},
  volume  = {18},
  number  = {177},
  pages   = {1-86},
  url     = {http://jmlr.org/papers/v18/16-480.html}
}

@article{Fortunato2010,
title = "Community detection in graphs ",
journal = "Physics Reports ",
volume = "486",
number = "3--5",
pages = "75 - 174",
year = "2010",
note = "",
issn = "0370-1573",
doi = "http://dx.doi.org/10.1016/j.physrep.2009.11.002",
url = "http://www.sciencedirect.com/science/article/pii/S0370157309002841",
author = "Santo Fortunato",
keywords = "Graphs",
keywords = "Clusters",
keywords = "Statistical physics "
}


@book{MN2,
 author = {Newman, Mark},
 title = {Networks: An Introduction},
 year = {2010},
 isbn = {0199206651, 9780199206650},
 publisher = {Oxford University Press, Inc.},
 address = {New York, NY, USA}
} 

@inproceedings{Ustalov:14,
  author    = {Усталов, Д.},
  title     = {{NLPub: каталог и сообщество русских лингвистических ресурсов}},
  booktitle = {Электронные библиотеки: перспективные методы и технологии, электронные коллекции: XVI Всероссийская научная конференция RCDL-2014 (Дубна, 13--16 октября 2014~г.) : труды конференции / сост. Л.~А.~Калмыкова, М.~Р.~Когаловский},
  year      = {2014},
  pages     = {83--87},
  numpages  = {455},
  address   = {Дубна},
  publisher = {ОИЯИ},
  isbn      = {978-5-9530-0397-1},
  language  = {russian},
}

@inbook{NLPub,
  title     = {Заглавная страница [Электронный ресурс]},
  booktitle = {NLPub : сайт. Режим доступа: \url{https://nlpub.ru/} (21.05.2015)},
  language  = {russian},
}

@article{DBLP:journals/corr/GroverL16,
  author    = {Aditya Grover and
               Jure Leskovec},
  title     = {node2vec: Scalable Feature Learning for Networks},
  journal   = {CoRR},
  volume    = {abs/1607.00653},
  year      = {2016},
  url       = {http://arxiv.org/abs/1607.00653},
  archivePrefix = {arXiv},
  eprint    = {1607.00653},
  timestamp = {Mon, 13 Aug 2018 16:48:14 +0200},
  biburl    = {https://dblp.org/rec/bib/journals/corr/GroverL16},
  bibsource = {dblp computer science bibliography, https://dblp.org}
}

@article{DBLP:journals/corr/abs-1709-05584,
  author    = {William L. Hamilton and
               Rex Ying and
               Jure Leskovec},
  title     = {Representation Learning on Graphs: Methods and Applications},
  journal   = {CoRR},
  volume    = {abs/1709.05584},
  year      = {2017},
  url       = {http://arxiv.org/abs/1709.05584},
  archivePrefix = {arXiv},
  eprint    = {1709.05584},
  timestamp = {Mon, 13 Aug 2018 16:48:34 +0200},
  biburl    = {https://dblp.org/rec/bib/journals/corr/abs-1709-05584},
  bibsource = {dblp computer science bibliography, https://dblp.org}
}

@inproceedings{kuzuno2017blockchain,
  title={Blockchain explorer: An analytical process and investigation environment for bitcoin},
  author={Kuzuno, Hiroki and Karam, Christian},
  booktitle={2017 APWG Symposium on Electronic Crime Research (eCrime)},
  pages={9--16},
  year={2017},
  organization={IEEE}
}

@misc{will_price_2019, 
    title={Introducing six new cryptocurrencies in BigQuery Public Datasets-and how to analyze them | Google Cloud Blog},
    url={https://cloud.google.com/blog/products/data-analytics/ introducing-six-new-cryptocurrencies-in-bigquery-public\ -datasets-and-how-to-analyze-them}, 
    journal={Google}, 
    publisher={Google}, 
    author={Will Price}, 
    year={2019}, 
    month={Feb}
}

@article{leskovec2016snap,
  title={SNAP: A General-Purpose Network Analysis and Graph-Mining Library},
  author={Leskovec, Jure and Sosi{\v{c}}, Rok},
  journal={ACM Transactions on Intelligent Systems and Technology (TIST)},
  volume={8},
  number={1},
  pages={1},
  year={2016},
  publisher={ACM}
}

@article{DBLP:journals/corr/abs-1805-00280,
  author    = {Dongyan Zhou and
               Songjie Niu and
               Shimin Chen},
  title     = {Efficient Graph Computation for Node2Vec},
  journal   = {CoRR},
  volume    = {abs/1805.00280},
  year      = {2018},
  url       = {http://arxiv.org/abs/1805.00280},
  archivePrefix = {arXiv},
  eprint    = {1805.00280},
  timestamp = {Mon, 13 Aug 2018 16:48:08 +0200},
  biburl    = {https://dblp.org/rec/bib/journals/corr/abs-1805-00280},
  bibsource = {dblp computer science bibliography, https://dblp.org}
}

@inproceedings{recht2011hogwild,
  title={Hogwild: A lock-free approach to parallelizing stochastic gradient descent},
  author={Recht, Benjamin and Re, Christopher and Wright, Stephen and Niu, Feng},
  booktitle={Advances in neural information processing systems},
  pages={693--701},
  year={2011}
}

@article{DBLP:journals/corr/abs-1011-4071,
  author    = {Lars Backstrom and
               Jure Leskovec},
  title     = {Supervised Random Walks: Predicting and Recommending Links in Social
               Networks},
  journal   = {CoRR},
  volume    = {abs/1011.4071},
  year      = {2010},
  url       = {http://arxiv.org/abs/1011.4071},
  archivePrefix = {arXiv},
  eprint    = {1011.4071},
  timestamp = {Mon, 13 Aug 2018 16:47:04 +0200},
  biburl    = {https://dblp.org/rec/bib/journals/corr/abs-1011-4071},
  bibsource = {dblp computer science bibliography, https://dblp.org}
}

@inproceedings{cao2015grarep,
  title={Grarep: Learning graph representations with global structural information},
  author={Cao, Shaosheng and Lu, Wei and Xu, Qiongkai},
  booktitle={Proceedings of the 24th ACM international on conference on information and knowledge management},
  pages={891--900},
  year={2015},
  organization={ACM}
}

@article{adamic2003friends,
  title={Friends and neighbors on the web},
  author={Adamic, Lada A and Adar, Eytan},
  journal={Social networks},
  volume={25},
  number={3},
  pages={211--230},
  year={2003},
  publisher={Elsevier}
}

@article{fortunato2010community,
  title={Community detection in graphs},
  author={Fortunato, Santo},
  journal={Physics reports},
  volume={486},
  number={3-5},
  pages={75--174},
  year={2010},
  publisher={Elsevier}
}

@article{mikolov2013efficient,
  title={Efficient estimation of word representations in vector space},
  author={Mikolov, Tomas and Chen, Kai and Corrado, Greg and Dean, Jeffrey},
  journal={arXiv preprint arXiv:1301.3781},
  year={2013}
}

@article{zhou2018efficient,
  title={Efficient Graph Computation for Node2Vec},
  author={Zhou, Dongyan and Niu, Songjie and Chen, Shimin},
  journal={arXiv preprint arXiv:1805.00280},
  year={2018}
}

@article{salnikov2019node2vec,
  title={Ethereum Blockchain Analysis using Node2Vec},
  author={Salnikov, Sivets, Yavorsky},
  journal={SYRCoSE Preliminary Proceedings},
  pages={73-78},
  year={2019},
  publisher={ISPRAS}
}